<?xml version="1.0" encoding="UTF-8"?><record xmlns="http://www.loc.gov/MARC21/slim" xmlns:cinclude="http://apache.org/cocoon/include/1.0" xmlns:zs="http://www.loc.gov/zing/srw/">
  <leader>00334nz  a2200133n  4500</leader>
  <controlfield tag="001">no2004058361</controlfield>
  <controlfield tag="003">DLC</controlfield>
  <controlfield tag="005">20040618051828.0</controlfield>
  <controlfield tag="008">040617n| acannaab            n aaa     c</controlfield>
  <datafield tag="010" ind1=" " ind2=" ">
    <subfield code="a">no2004058361</subfield>
  </datafield>
  <datafield tag="035" ind1=" " ind2=" ">
    <subfield code="a">(OCoLC)oca06372890</subfield>
  </datafield>
  <datafield tag="040" ind1=" " ind2=" ">
    <subfield code="a">RPB-M</subfield>
    <subfield code="b">eng</subfield>
    <subfield code="c">RPB-M</subfield>
  </datafield>
  <datafield tag="100" ind1="1" ind2=" ">
    <subfield code="a">Milton, Donald</subfield>
  </datafield>
  <datafield tag="670" ind1=" " ind2=" ">
    <subfield code="a">Folk music, 1976:</subfield>
    <subfield code="b">t.p. (Donald Milton)</subfield>
  </datafield>
</record>